<record><leader>00000cas a2200000 a 4500</leader><controlfield tag="001">23441861</controlfield><controlfield tag="008">910409d19381990cauwr ne      0    0armoc</controlfield><datafield ind1=" " ind2=" " tag="010"><subfield code="a">sn 91066417 </subfield></datafield><datafield ind1=" " ind2=" " tag="040"><subfield code="a">NYS</subfield><subfield code="b">eng</subfield><subfield code="c">NYS</subfield><subfield code="d">CLU</subfield><subfield code="d">OCL</subfield><subfield code="d">HLS</subfield><subfield code="d">CNK</subfield><subfield code="d">DLC</subfield><subfield code="d">OCLCQ</subfield><subfield code="d">OCLCF</subfield><subfield code="d">OCLCO</subfield><subfield code="d">OCL</subfield></datafield><datafield ind1=" " ind2=" " tag="042"><subfield code="a">pcc</subfield></datafield><datafield ind1=" " ind2=" " tag="043"><subfield code="a">n-us-ca</subfield><subfield code="a">a-ai---</subfield></datafield><datafield ind1="0" ind2="0" tag="050"><subfield code="a">Newspaper</subfield></datafield><datafield ind1=" " ind2="4" tag="050"><subfield code="a">AP95.A8</subfield><subfield code="b">L74</subfield></datafield><datafield ind1="0" ind2="0" tag="245"><subfield code="a">Lraber.</subfield></datafield><datafield ind1="1" ind2="3" tag="246"><subfield code="a">Armenian herald</subfield></datafield><datafield ind1="1" ind2="3" tag="246"><subfield code="a">Lraper</subfield></datafield><datafield ind1="1" ind2="3" tag="246"><subfield code="a">Lraper weekly</subfield></datafield><datafield ind1=" " ind2=" " tag="260"><subfield code="a">New York, N.Y. :</subfield><subfield code="b">Lraper Pub. Co.</subfield></datafield><datafield ind1=" " ind2=" " tag="300"><subfield code="a">v. :</subfield><subfield code="b">ill., ports. ;</subfield><subfield code="c">41-47 cm.</subfield></datafield><datafield ind1=" " ind2=" " tag="310"><subfield code="a">Weekly,</subfield><subfield code="b">&lt;Jan. 27, 1979&gt;-June 30, 1990</subfield></datafield><datafield ind1=" " ind2=" " tag="321"><subfield code="a">Triweekly,</subfield><subfield code="b">&lt;Nov. 1, 1941-Dec. 29, 1945&gt;</subfield></datafield><datafield ind1=" " ind2=" " tag="321"><subfield code="a">Semiweekly,</subfield><subfield code="b">&lt;Jan. 2, 1965-Dec. 29, 1970&gt;</subfield></datafield><datafield ind1="1" ind2=" " tag="362"><subfield code="a">Began in 1938.</subfield></datafield><datafield ind1="0" ind2=" " tag="362"><subfield code="a">-52. tari, t&#699;iw 39 (Hunis 30, 1990).</subfield></datafield><datafield ind1=" " ind2=" " tag="500"><subfield code="a">Organ of Amerikahay Har&#803;ajdimakan Miut&#699;iwn.</subfield></datafield><datafield ind1=" " ind2=" " tag="500"><subfield code="a">Published: Los Angeles, Calif., &lt;Jan. 27, 1979&gt;-June 30, 1990.</subfield></datafield><datafield ind1=" " ind2=" " tag="515"><subfield code="a">Suspended publication: Mid-Oct. 1978-mid-Jan. 1979.</subfield></datafield><datafield ind1=" " ind2=" " tag="530"><subfield code="a">Also issued on microfilm from the Library of Congress Photoduplication Service.</subfield></datafield><datafield ind1=" " ind2=" " tag="546"><subfield code="a">In Modern West Armenian.</subfield></datafield><datafield ind1=" " ind2=" " tag="588"><subfield code="a">Description based on: Vol. 4, no. 48 (Nov. 1, 1941).</subfield></datafield><datafield ind1=" " ind2="0" tag="650"><subfield code="a">Armenians</subfield><subfield code="z">United States</subfield><subfield code="v">Newspapers.</subfield></datafield><datafield ind1=" " ind2="0" tag="650"><subfield code="a">Armenian Americans</subfield><subfield code="z">California</subfield><subfield code="v">Newspapers.</subfield></datafield><datafield ind1=" " ind2="0" tag="651"><subfield code="a">Armenia (Republic)</subfield><subfield code="x">Politics and government</subfield><subfield code="v">Newspapers.</subfield></datafield><datafield ind1=" " ind2="4" tag="651"><subfield code="a">New York (N.Y.)</subfield><subfield code="v">Newspapers.</subfield></datafield><datafield ind1=" " ind2="7" tag="650"><subfield code="a">Armenian Americans.</subfield><subfield code="2">fast</subfield><subfield code="0">(OCoLC)fst00814656</subfield></datafield><datafield ind1=" " ind2="7" tag="650"><subfield code="a">Armenians.</subfield><subfield code="2">fast</subfield><subfield code="0">(OCoLC)fst00814767</subfield></datafield><datafield ind1=" " ind2="7" tag="650"><subfield code="a">Politics and government</subfield><subfield code="2">fast</subfield><subfield code="0">(OCoLC)fst01919741</subfield></datafield><datafield ind1=" " ind2="7" tag="651"><subfield code="a">Armenia (Republic)</subfield><subfield code="2">fast</subfield><subfield code="0">(OCoLC)fst01262063</subfield></datafield><datafield ind1=" " ind2="7" tag="651"><subfield code="a">California.</subfield><subfield code="2">fast</subfield><subfield code="0">(OCoLC)fst01204928</subfield></datafield><datafield ind1=" " ind2="7" tag="651"><subfield code="a">United States.</subfield><subfield code="2">fast</subfield><subfield code="0">(OCoLC)fst01204155</subfield></datafield><datafield ind1=" " ind2="7" tag="655"><subfield code="a">Newspapers.</subfield><subfield code="2">fast</subfield><subfield code="0">(OCoLC)fst01423814</subfield></datafield><datafield ind1="2" ind2=" " tag="710"><subfield code="a">Amerikahay Har&#803;ajdimakan Miut&#699;iwn.</subfield></datafield><datafield ind1=" " ind2=" " tag="752"><subfield code="a">United States</subfield><subfield code="b">New York</subfield><subfield code="c">New York</subfield><subfield code="d">New York.</subfield></datafield><datafield ind1="0" ind2="0" tag="780"><subfield code="t">Banuor</subfield></datafield><datafield ind1="1" ind2=" " tag="029"><subfield code="a">AU@</subfield><subfield code="b">000020666122</subfield></datafield></record>